
@misc{disqus2014,
	url = {http://disqus.com/websites/},
	author = {Disqus},
	year = {2014},
	howpublished = {http://disqus.com/websites/}
},

@techreport{najork2001,
	title = {High-performance web crawling},
	institution = {{SRC} Research Report 173, Compaq Systems Research},
	author = {Najork, Marc and Heydon, Allan and Najork, Marc and Heydon, Allan},
	year = {2001}
},

@inproceedings{muslea1999,
	address = {New York, {NY}, {USA}},
	series = {{AGENTS} '99},
	title = {A hierarchical approach to wrapper induction},
	isbn = {{1-58113-066-X}},
	url = {http://doi.acm.org/10.1145/301136.301191},
	doi = {10.1145/301136.301191},
	booktitle = {Proceedings of the third annual conference on Autonomous Agents},
	publisher = {{ACM}},
	author = {Muslea, Ion and Minton, Steve and Knoblock, Craig},
	year = {1999},
	pages = {190{\textendash}197}
},

@misc{anderson2012,
	type = {webpage},
	title = {A Tale of a Disappearing Website {\textbar} The Signal: Digital Preservation},
	shorttitle = {A Tale of a Disappearing Website {\textbar} The Signal},
	url = {http://blogs.loc.gov/digitalpreservation/2012/01/a-tale-of-a-disappearing-website/},
	author = {Anderson, Martha},
	year = {2012},
	keywords = {Blogs, Digital Content, National Digital Information Infrastructure and Preservation Program, {NDIIPP}, Personal Archiving},
	howpublished = {http://blogs.loc.gov/digitalpreservation/2012/01/a-tale-of-a-disappearing-website/}
},

@article{furche2013,
	title = {{OXPath:} A language for scalable data extraction, automation, and crawling on the deep web},
	volume = {22},
	issn = {1066-8888},
	shorttitle = {{OXPath}},
	url = {http://dx.doi.org/10.1007/s00778-012-0286-6},
	doi = {10.1007/s00778-012-0286-6},
	number = {1},
	journal = {The {VLDB} Journal},
	author = {Furche, Tim and Gottlob, Georg and Grasso, Giovanni and Schallhart, Christian and Sellers, Andrew},
	year = {2013},
	keywords = {{AJAX}, Automation, Crawling, Data extraction, {DOM}, Web applications, Web extraction, {XPath}},
	pages = {47{\textendash}72}
},

@article{dudani1976,
	title = {The {Distance-Weighted} {k-Nearest-Neighbor} Rule},
	volume = {{SMC-6}},
	issn = {0018-9472},
	doi = {10.1109/TSMC.1976.5408784},
	number = {4},
	journal = {{IEEE} Transactions on Systems, Man and Cybernetics},
	author = {Dudani, Sahibsingh A.},
	year = {1976},
	pages = {325--327}
},

@misc{goose2012,
	url = {https://github.com/GravityLabs/goose},
	journal = {{GitHub}},
	author = {Goose},
	year = {2012},
	howpublished = {{https://github.com/GravityLabs/goose}}
},

@book{kleinberg2006,
	address = {Boston},
	title = {Algorithm design},
	isbn = {0321295358  9780321295354},
	publisher = {{Pearson/Addison-Wesley}},
	author = {Kleinberg, Jon and Tardos, \'{E}va},
	year = {2006}
},

@misc{garg2012,
	title = {String Matching Algorithms and their Applicability in various Applications},
	url = {http://www.academia.edu/1975650/String_Matching_Algorithms_and_their_Applicability_in_various_Applications},
	author = {Garg, Deepak},
	year = {2012},
	keywords = {academia, academics, Biology, Chemistry, Computer Science, Earth Sciences, Economics, English, Geography, History, Law, Math, Medicine, Philosophy, Physics, Political Science, Psychology, Religion, research, universities},
	howpublished = {{http://www.academia.edu/1975650/String\_Matching\_Algorithms\_and\_their\_Applicability\_in\_various\_Applications}}
},

@inproceedings{oita2010,
	title = {Archiving Data Objects using Web Feeds},
	url = {http://hal.inria.fr/inria-00537962},
	author = {Oita, Marilena and Senellart, Pierre},
	year = {2010},
	keywords = {Web archiving data object Web feed Web page dynamics}
},

@article{zhai2007,
	title = {Extracting Web Data Using {Instance-Based} Learning},
	volume = {10},
	issn = {{1386-145X}},
	url = {http://dx.doi.org/10.1007/s11280-007-0022-0},
	doi = {10.1007/s11280-007-0022-0},
	number = {2},
	journal = {World Wide Web},
	author = {Zhai, Yanhong and Liu, Bing},
	year = {2007},
	keywords = {instance-based learning, web content mining, web data extraction},
	pages = {113{\textendash}132}
},

@article{dice1945,
	title = {Measures of the Amount of Ecologic Association Between Species},
	volume = {26},
	issn = {00129658},
	url = {http://www.jstor.org/discover/10.2307/1932409?uid=16673648&uid=3737760&uid=2&uid=3&uid=5911624&uid=67&uid=62&uid=16673552&sid=21103011050973},
	doi = {10.2307/1932409},
	number = {3},
	journal = {Ecology},
	author = {Dice, Lee R.},
	year = {1945},
	pages = {297}
},

@inproceedings{caffaro????,
	title = {Invenio: A Modern Digital Library for Grey Literature},
	booktitle = {Twelfth International Conference on Grey Literature},
	author = {Caffaro, J. and Kaplun, S.}
},

@inproceedings{kordomatis2013,
	address = {New York, {NY}, {USA}},
	series = {{WIMS} '13},
	title = {Web object identification for web automation and meta-search},
	isbn = {978-1-4503-1850-1},
	url = {http://doi.acm.org/10.1145/2479787.2479798},
	doi = {10.1145/2479787.2479798},
	booktitle = {Proceedings of the 3rd International Conference on Web Intelligence, Mining and Semantics},
	publisher = {{ACM}},
	author = {Kordomatis, Iraklis and Herzog, Christoph and Fayzrakhmanov, Ruslan R. and {Kr\"{u}pl-Sypien}, Bernhard and Holzinger, Wolfgang and Baumgartner, Robert},
	year = {2013},
	keywords = {machine learning, web accessibility, web automation, web object identification, web page visual representation},
	pages = {13:1{\textendash}13:12}
},

@misc{livefyre2014,
	url = {http://web.livefyre.com/},
	journal = {Livefyre},
	author = {Livefyre},
	year = {2014},
	howpublished = {http://web.livefyre.com/}
},

@inproceedings{burton2011,
	title = {The {ICWSM} 2011 Spinn3r Dataset},
	booktitle = {Fifth Annual Conference on Weblogs and Social Media},
	author = {Burton, K. and Kasch, N. and Soboroff, I.},
	year = {2011}
},

@misc{brianwilson2008-a,
	title = {Metadata Analysis and Mining Application: {W3C} validator research},
	url = {http://dev.opera.com/articles/view/mama-w3c-validator-research-2/},
	author = {Brian Wilson},
	year = {2008},
	howpublished = {http://dev.opera.com/articles/view/mama-w3c-validator-research-2/}
},

@inproceedings{hundt2011,
	title = {Loop Recognition in {C++/Java/Go/Scala}},
	url = {https://days2011.scala-lang.org/sites/days2011/files/ws3-1-Hundt.pdf},
	booktitle = {Proceedings of Scala Days},
	author = {Hundt, Robert},
	year = {2011}
},

@misc{twisted2014,
	url = {http://twistedmatrix.com/},
	author = {Twisted},
	year = {2014},
	howpublished = {http://twistedmatrix.com/}
},

@inproceedings{faheem2012,
	address = {New York, {NY}, {USA}},
	series = {{WWW} '12 Companion},
	title = {Intelligent crawling of web applications for web archiving},
	isbn = {978-1-4503-1230-1},
	url = {http://doi.acm.org/10.1145/2187980.2187996},
	doi = {10.1145/2187980.2187996},
	booktitle = {Proceedings of the 21st international conference companion on World Wide Web},
	publisher = {{ACM}},
	author = {Faheem, Muhammad},
	year = {2012},
	keywords = {archiving, Crawling, extraction, web application, {XPath}},
	pages = {127{\textendash}132}
},

@misc{python-readability2011,
	url = {https://github.com/gfxmonk/python-readability},
	journal = {{GitHub}},
	author = {python-readability},
	year = {2011},
	howpublished = {https://github.com/gfxmonk/python-readability}
},

@inproceedings{shkapenyuk2002,
	title = {Design and implementation of a high-performance distributed Web crawler},
	doi = {10.1109/ICDE.2002.994750},
	booktitle = {18th International Conference on Data Engineering, 2002. Proceedings},
	author = {Shkapenyuk, V. and Suel, Torsten},
	year = {2002},
	keywords = {analysis, Application software, broad Web search engines, Computer crashes, Costs, Crawlers, flexibility, high-performance distributed Web crawler, hypermedia, indexing, information retrieval, Internet, {I/O} performance, manageability, network of workstations, network resources, {OS} limits, performance bottlenecks, robustness, search engines, software architecture, specialized search tools, Web search, workstation clusters, Workstations},
	pages = {357--368}
},

@inproceedings{boldi2003,
	title = {{UbiCrawler:} a scalable fully distributed web crawler},
	shorttitle = {{UbiCrawler}},
	url = {http://citeseer.uark.edu:8380/citeseerx/viewdoc/similar;jsessionid=9A1EB49FA584CEE26215545EDBE977AA?doi=10.1.1.14.4239&type=sc},
	author = {Boldi, Paolo and Codenotti, Bruno and Santini, Massimo and Vigna, Sebastiano},
	year = {2003},
	keywords = {Bruno Codenotti, {CiteSeerX}, Massimo Santini, Paolo Boldi, Sebastiano Vigna}
},

@misc{scrapy2014,
	url = {http://scrapy.org/},
	author = {Scrapy},
	year = {2014},
	howpublished = {http://scrapy.org/}
},

@techreport{ferrara2012,
	type = {{arXiv} e-print},
	title = {Web Data Extraction, Applications and Techniques: A Survey},
	shorttitle = {Web Data Extraction, Applications and Techniques},
	url = {http://arxiv.org/abs/1207.0246},
	number = {1207.0246},
	author = {Ferrara, Emilio and De Meo, Pasquale and Fiumara, Giacomo and Baumgartner, Robert},
	year = {2012},
	keywords = {Computer Science - Information Retrieval}
},

@article{levenshtein1966,
	title = {Binary codes capable of correcting deletions, insertions and reversals.},
	volume = {10},
	number = {8},
	journal = {Soviet Physics Doklady.},
	author = {Levenshtein, {VI}},
	year = {1966},
	keywords = {algorithm, code, codes, comparison, correcting, delete, deletion, distance, dpa, dynamic, edit, edit-distance, error, import, indel, insert, lcs, lcss, metric, programming, sellers, sequence, similarity, string, strings, string-to-string},
	pages = {707--710}
},

@misc{phantomjs2014,
	url = {http://phantomjs.org/},
	author = {{PhantomJS}},
	year = {2014},
	howpublished = {http://phantomjs.org/}
},

@article{agha1985,
	title = {{ACTORS:} A Model of Concurrent Computation in Distributed Systems},
	shorttitle = {{ACTORS}},
	url = {http://dspace.mit.edu/handle/1721.1/6952},
	author = {Agha, Gul Abdulnabi},
	year = {1985}
},

@book{hohpe2003,
	address = {Boston, {MA}, {USA}},
	title = {Enterprise Integration Patterns: Designing, Building, and Deploying Messaging Solutions},
	isbn = {0321200683},
	shorttitle = {Enterprise Integration Patterns},
	publisher = {{Addison-Wesley} Longman Publishing Co., Inc.},
	author = {Hohpe, Gregor and Woolf, Bobby},
	year = {2003}
},

@article{navarro2001,
	title = {A Guided Tour to Approximate String Matching},
	volume = {33},
	issn = {0360-0300},
	url = {http://doi.acm.org/10.1145/375360.375365},
	doi = {10.1145/375360.375365},
	number = {1},
	journal = {{ACM} Comput. Surv.},
	author = {Navarro, Gonzalo},
	year = {2001},
	keywords = {edit distance, Levenshtein distance, online string matching, text searching allowing errors},
	pages = {31{\textendash}88}
}
