@misc{quantumdiaries,
  title = {Quantum Diaries},
  year = {2013},
  url = {http://www.quantumdiaries.org/},
  howpublished = {{http://www.quantumdiaries.org/}}
},

@misc{blogforevercrawler,
  title = {Repository of the BlogForever Crawler},
  year = {2013},
  url = {https://github.com/BlogForever/crawler},
  howpublished = {{https://github.com/BlogForever/crawler}}
},

@misc{repositoryofthispaper,
  title = {Repository of this paper},
  year = {2013},
  url = {http://goo.gl/c9N2wX},
  howpublished = {{http://goo.gl/c9N2wX}}
},

@misc{thereactivemanifesto2013,
  title = {The Reactive Manifesto},
  year = {2013},
  url = {http://reactivemanifesto.org/},
  howpublished = {http://reactivemanifesto.org/}
},
