@article{activeobject1996,
  author = {R. Greg Lavender and Douglas C. Schmidt},
  title = {Active Object -- An Object Behavioral Pattern for Concurrent Programming},
  year = {1996},
}

@article{board2007rss,
  author = {{RSS Advisory Board}},
  title = {RSS 2.0 Specification},
  year = {2007},
}

@article{dice1945,
  author = {Dice, Lee R.},
  journal = {Ecology},
  number = {3},
  pages = {297},
  title = {Measures of the Amount of Ecologic Association Between Species},
  volume = {26},
  year = {1945},
  doi = {10.2307/1932409},
  issn = {00129658},
}

@article{dudani1976,
  author = {Dudani, Sahibsingh A.},
  journal = {{IEEE} Transactions on Systems, Man and Cybernetics},
  number = {4},
  pages = {325--327},
  title = {The {Distance-Weighted} {k-Nearest-Neighbor} Rule},
  volume = {{SMC-6}},
  year = {1976},
  doi = {10.1109/TSMC.1976.5408784},
  issn = {0018-9472},
}

@article{heydon99mercator,
 author = {Heydon, Allan and Najork, Marc},
 title = {Mercator: A Scalable, Extensible Web Crawler},
 journal = {World Wide Web},
 volume = {2},
 number = {4},
 year = {1999},
 issn = {1386-145X},
 pages = {219--229},
 numpages = {11},
 url = {http://dx.doi.org/10.1023/A:1019213109274},
 doi = {10.1023/A:1019213109274},
 acmid = {598733},
 publisher = {Kluwer Academic Publishers},
 address = {Hingham, MA, USA},
} 

@article{johnson2008blogs,
  author = {Johnson, Kay},
  journal = {Serials review},
  number = {3},
  pages = {199--204},
  title = {Are Blogs Here to Stay?: An Examination of the Longevity and Currency of a Static List of Library and Information Science Weblogs},
  volume = {34},
  year = {2008},
}

@article{kasioumis2013towards,
  author = {Kasioumis, Nikos and Banos, Vangelis and Kalb, Hendrik},
  journal = {World Wide Web},
  pages = {1--27},
  title = {Towards building a blog preservation platform},
  year = {2013},
}

@article{levenshtein1966,
  author = {Levenshtein, {VI}},
  journal = {Soviet Physics Doklady.},
  number = {8},
  pages = {707--710},
  title = {Binary codes capable of correcting deletions, insertions and reversals.},
  volume = {10},
  year = {1966},
}

@article{lindahl2003weblogs,
  author = {Lindahl, Charlie and Blount, Elise},
  journal = {Computer},
  number = {11},
  pages = {114--116},
  title = {Weblogs: simplifying web publishing},
  volume = {36},
  year = {2003},
}

@article{stalker,
  author = {Ion Muslea and Steven Minton and Craig A. Knoblock},
  journal = {Journal of Autonomous Agents and Multi-Agent Systems},
  pages = {93--114},
  title = {Hierarchical Wrapper Induction for Semistructured Information Sources},
  volume = {4},
  year = {2001},
}

@inproceedings{berger2011,
  author = {Berger, P. and Hennig, P. and Bross, J. and Meinel, C.},
  booktitle = {Third International Conference on Social Computing},
  pages = {672--677},
  title = {Mapping the {Blogosphere{\textendash}Towards} a Universal and Scalable {Blog-Crawler}},
  year = {2011},
  doi = {10.1109/PASSAT/SocialCom.2011.57},
}

@inproceedings{boldi2003,
  author = {Boldi, Paolo and Codenotti, Bruno and Santini, Massimo and Vigna, Sebastiano},
  title = {{UbiCrawler:} a scalable fully distributed web crawler},
  year = {2003},
}

@inproceedings{burton2011,
  author = {Burton, K. and Kasch, N. and Soboroff, I.},
  booktitle = {Fifth Annual Conference on Weblogs and Social Media},
  title = {The {ICWSM} 2011 Spinn3r Dataset},
  year = {2011},
}

@inproceedings{faheem2012intelligent,
  author = {Faheem, Muhammad},
  booktitle = {Proceedings of the 21st international conference companion on World Wide Web},
  pages = {127--132},
  title = {Intelligent crawling of Web applications for Web archiving},
  year = {2012},
}

@inproceedings{gkotsis2013,
  address = {Berlin, Heidelberg},
  author = {Gkotsis, George and Stepanyan, Karen and Cristea, Alexandra I. and Joy, Mike},
  booktitle = {Proceedings of the 29th British National Conference on Big Data},
  pages = {292--302},
  series = {BNCOD'13},
  title = {Self-supervised Automated Wrapper Generation for Weblog Data Extraction},
  year = {2013},
  doi = {10.1007/978-3-642-39467-6_26},
  isbn = {978-3-642-39466-9},
}

@inproceedings{hundt2011,
  author = {Hundt, Robert},
  booktitle = {Proceedings of Scala Days},
  title = {Loop Recognition in {C++/Java/Go/Scala}},
  year = {2011},
}

@inproceedings{kohlschuetter2010,
  address = {New York, {NY}, {USA}},
  author = {Kohlsch\"{u}tter, Christian and Fankhauser, Peter and Nejdl, Wolfgang},
  booktitle = {Proceedings of the Third {ACM} International Conference on Web Search and Data Mining},
  pages = {441{\textendash}450},
  series = {{WSDM} '10},
  title = {Boilerplate Detection Using Shallow Text Features},
  year = {2010},
  doi = {10.1145/1718487.1718542},
  isbn = {978-1-60558-889-6},
}

@inproceedings{lixto,
  author = {Georg Gottlob and Christoph Koch and Robert Baumgartner and Marcus Herzog and Sergio Flesca},
  booktitle = {Proceedings of the Twenty-third Symposium on Principles of Database Systems},
  pages = {1--12},
  title = {The Lixto Data Extraction Project: Back and Forth Between Theory and Practice},
  year = {2004},
  doi = {10.1145/1055558.1055560},
  isbn = {158113858X},
}

@inproceedings{oita2010,
  author = {Oita, Marilena and Senellart, Pierre},
  title = {Archiving Data Objects using Web Feeds},
  year = {2010},
}

@inproceedings{shkapenyuk2002,
  author = {Shkapenyuk, V. and Suel, Torsten},
  booktitle = {18th International Conference on Data Engineering, 2002. Proceedings},
  pages = {357--368},
  title = {Design and implementation of a high-performance distributed Web crawler},
  year = {2002},
  doi = {10.1109/ICDE.2002.994750},
}

@inproceedings{treeedit,
  address = {New York, NY, USA},
  author = {Reis, D. C. and Golgher, P. B. and Silva, A. S. and Laender, A. F.},
  booktitle = {Proceedings of the 13th International Conference on World Wide Web},
  pages = {502--511},
  series = {WWW '04},
  title = {Automatic Web News Extraction Using Tree Edit Distance},
  year = {2004},
  doi = {10.1145/988672.988740},
  isbn = {1-58113-844-X},
}

@misc{andrewrogers2014,
  author = {Andrew Rogers and Gary Brewer},
  howpublished = {\url{http://trends.builtwith.com/docinfo/Microdata}},
  note = {\lastvisited},
  title = {Microdata Usage Statistics},
}

@misc{antinharasymiv2011,
  author = {Antin Harasymiv},
  howpublished = {\href{http://buzz.blogger.com/2011/09/dynamic-views-seven-new-ways-to-share.html}{\nolinkurl{http://buzz.blogger.com/2011/09/dynamic-views-}}\\\href{http://buzz.blogger.com/2011/09/dynamic-views-seven-new-ways-to-share.html}{\nolinkurl{seven-new-ways-to-share.html}}},
  note = {\lastvisited},
  title = {Blogger Dynamic Views},
}

@misc{brianwilson2008,
  author = {Brian Wilson},
  howpublished = {\url{http://dev.opera.com/articles/view/mama}},
  note = {\lastvisited},
  title = {Metadata Analysis and Mining Application},
}

@misc{nahedeltantawy2012,
  author = {Nahed Eltantawy and Julie B. Wiest},
  journal = {Ikkevold},
  title = {Social Media in the Egyptian Revolution: Reconsidering Resource Mobilization Theory (1-3)},
  year = {2012},
}

@misc{thereactivemanifesto2013,
  author = {{Various authors}},
  howpublished = {\url{http://reactivemanifesto.org}},
  note = {\lastvisited},
  title = {The Reactive Manifesto},
}

@misc{w3c2002,
  author = {{Various authors, WC3}},
  howpublished = {\url{http://www-mit.w3.org/QA/Tips/Use\_h1\_for\_Title}},
  note = {\lastvisited},
  title = {Use h1 for top level heading},
}

@misc{w3c2014,
  author = {{Various authors, W3C}},
  howpublished = {\url{http://w3.org/standards}},
  note = {\lastvisited},
  title = {{W3C} standards},
}

@misc{whatwg2014,
  author = {{WHATWG}},
  howpublished = {\href{http://whatwg.org/specs/web-apps/current-work/multipage}{\nolinkurl{http://whatwg.org/specs/web-apps/current-}}\\\href{http://whatwg.org/specs/web-apps/current-work/multipage}{\nolinkurl{work/multipage}}},
  note = {\lastvisited},
  title = {Microdata - {HTML5} Draft Standard},
}

@misc{wordpress2014,
  author = {{WordPress}},
  howpublished = {\url{http://wordpress.com/stats/posting}},
  note = {\lastvisited},
  title = {Posting Activity},
}

@article{oxpath2013,
  author = {Furche, Tim and Gottlob, Georg and Grasso, Giovanni and Schallhart, Christian and Sellers, Andrew Jon},
  biburl = {http://www.bibsonomy.org/bibtex/2a84a27fc0bd45b9d938d28266a15649d/dblp},
  ee = {http://dx.doi.org/10.1007/s00778-012-0286-6},
  interhash = {bf0e34671848f0fef5d9db9db822f733},
  intrahash = {a84a27fc0bd45b9d938d28266a15649d},
  journal = {VLDB J.},
  keywords = {dblp},
  number = 1,
  pages = {47-72},
  timestamp = {2013-01-24T00:00:00.000+0100},
  title = {OXPath: A language for scalable data extraction, automation, and crawling on the deep web.},
  url = {http://dblp.uni-trier.de/db/journals/vldb/vldb22.html#FurcheGGSS13},
  volume = 22,
  year = 2013
}

@article{sxpath2010,
  author = {Ermelinda Oro and Massimo Ruffolo and Steffen Staab},
  title = {SXPath - Extending XPath towards Spatial Querying on Web Documents},
  journal = {{PVLDB}},
  year = {2010},
  volume = {4},
  number = {2},
  pages = {129--140},
  url = {http://www.vldb.org/pvldb/vol4/p129-oro.pdf},
  timestamp = {Thu, 25 Sep 2014 12:31:17 +0200},
  biburl = {http://dblp.uni-trier.de/rec/bib/journals/pvldb/OroRS10},
  bibsource = {dblp computer science bibliography, http://dblp.org}
}

@inproceedings{entityextraction2012,
  author = {Stefan Dietze and Diana Maynard and Elena Demidova and Thomas Risse and Wim Peters and Katerina Doka and Yannis Stavrakas},
  title = {Entity Extraction and Consolidation for Social Web Content Preservation},
  booktitle = {Proceedings of the 2nd International Workshop on Semantic Digital Archives, Paphos, Cyprus, September 27, 2012},
  year = {2012},
  pages = {18--29},
  crossref = {DBLP:conf/ercimdl/2012sda},
  url = {http://ceur-ws.org/Vol-912/paper1.pdf},
  timestamp = {Thu, 25 Sep 2014 16:04:29 +0200},
  biburl = {http://dblp.uni-trier.de/rec/bib/conf/ercimdl/DietzeMDRPDS12},
  bibsource = {dblp computer science bibliography, http://dblp.org}
}
